<record><leader>00000cas a22000007i 4500</leader><controlfield tag="001">828077899</controlfield><controlfield tag="006">m     o  d        </controlfield><controlfield tag="007">cr |||||||||||</controlfield><controlfield tag="008">130220d18661876mnuwr ne      0   a0eng  </controlfield><datafield ind1=" " ind2=" " tag="010"><subfield code="a">  2013218559</subfield></datafield><datafield ind1=" " ind2=" " tag="040"><subfield code="a">DLC</subfield><subfield code="b">eng</subfield><subfield code="e">rda</subfield><subfield code="c">DLC</subfield><subfield code="d">OCLCO</subfield><subfield code="d">DLC</subfield><subfield code="d">OCLCQ</subfield><subfield code="d">OCLCF</subfield></datafield><datafield ind1="0" ind2=" " tag="022"><subfield code="a">2326-7658</subfield><subfield code="2">1</subfield></datafield><datafield ind1=" " ind2=" " tag="042"><subfield code="a">pcc</subfield><subfield code="a">nsdp</subfield></datafield><datafield ind1=" " ind2=" " tag="043"><subfield code="a">n-us-mn</subfield></datafield><datafield ind1="1" ind2="0" tag="050"><subfield code="a">ISSN RECORD</subfield></datafield><datafield ind1="0" ind2="0" tag="082"><subfield code="a">071</subfield><subfield code="2">23</subfield></datafield><datafield ind1="0" ind2=" " tag="130"><subfield code="a">St. Cloud journal (Online)</subfield></datafield><datafield ind1=" " ind2="4" tag="222"><subfield code="a">The St. Cloud journal</subfield><subfield code="b">(Online)</subfield></datafield><datafield ind1="1" ind2="4" tag="245"><subfield code="a">The St. Cloud journal.</subfield></datafield><datafield ind1="3" ind2=" " tag="246"><subfield code="a">Saint Cloud journal</subfield></datafield><datafield ind1=" " ind2="1" tag="264"><subfield code="a">St. Cloud, Minn. :</subfield><subfield code="b">W.B. Mitchell,</subfield><subfield code="c">1866-1876.</subfield></datafield><datafield ind1=" " ind2=" " tag="310"><subfield code="a">Weekly</subfield></datafield><datafield ind1=" " ind2=" " tag="336"><subfield code="a">text</subfield><subfield code="b">txt</subfield><subfield code="2">rdacontent</subfield></datafield><datafield ind1=" " ind2=" " tag="337"><subfield code="a">computer</subfield><subfield code="b">c</subfield><subfield code="2">rdamedia</subfield></datafield><datafield ind1=" " ind2=" " tag="338"><subfield code="a">online resource</subfield><subfield code="b">cr</subfield><subfield code="2">rdacarrier</subfield></datafield><datafield ind1="1" ind2=" " tag="362"><subfield code="a">Began with vol. IX, no. 8 (Sept. 13, 1866); ceased with vol. XVIII, no. 44 (May 18, 1876).</subfield></datafield><datafield ind1=" " ind2=" " tag="530"><subfield code="a">Available on microfilm from the Minnesota Historical Society.</subfield></datafield><datafield ind1=" " ind2=" " tag="530"><subfield code="a">Also issued in print.</subfield></datafield><datafield ind1=" " ind2=" " tag="588"><subfield code="a">Description based on print version record.</subfield></datafield><datafield ind1=" " ind2=" " tag="588"><subfield code="a">Latest issue consulted: Vol. XVIII, no. 44 (May 18, 1876) (Chroniclingamerica.loc.gov, viewed Feb. 20, 2013).</subfield></datafield><datafield ind1=" " ind2="0" tag="651"><subfield code="a">Saint Cloud (Minn.)</subfield><subfield code="v">Newspapers.</subfield></datafield><datafield ind1=" " ind2="7" tag="655"><subfield code="a">Newspapers.</subfield><subfield code="2">fast</subfield><subfield code="0">(OCoLC)fst01423814</subfield></datafield><datafield ind1=" " ind2="7" tag="651"><subfield code="a">Minnesota</subfield><subfield code="z">Saint Cloud.</subfield><subfield code="2">fast</subfield><subfield code="0">(OCoLC)fst01210140</subfield></datafield><datafield ind1=" " ind2=" " tag="752"><subfield code="a">United States</subfield><subfield code="b">Minnesota</subfield><subfield code="c">Stearns</subfield><subfield code="d">Saint Cloud.</subfield></datafield><datafield ind1="1" ind2=" " tag="776"><subfield code="t">St. Cloud journal</subfield><subfield code="x">2326-764X</subfield><subfield code="w">(DLC)sn 85033526</subfield><subfield code="w">(OCoLC)1716669</subfield></datafield><datafield ind1="0" ind2="0" tag="780"><subfield code="t">St. Cloud Democrat (Online)</subfield><subfield code="x">2326-7577</subfield><subfield code="w">(DLC)  2013218557</subfield><subfield code="w">(OCoLC)828028478</subfield></datafield><datafield ind1="0" ind2="7" tag="785"><subfield code="t">Saint Cloud press (Online)</subfield></datafield><datafield ind1="0" ind2="7" tag="785"><subfield code="t">St. Cloud journal-press (Online)</subfield></datafield><datafield ind1="4" ind2="1" tag="856"><subfield code="u">http://www.loc.gov/chroniclingamerica/lccn/sn85033526/issues</subfield></datafield></record>